{
  "leader": "03748cam a22003731a 4500",
  "fields": [
    {
      "001": "ocm82671440\\"
    },
    {
      "003": "OCoLC"
    },
    {
      "005": "20230105125517.0"
    },
    {
      "008": "061207s2006\\\\\\\\nyuac\\\\\\\\b\\\\\\\\001\\0\\eng\\\\"
    },
    {
      "010": {
        "ind1": "\\",
        "ind2": "\\",
        "subfields": [
          {
            "a": "  2006024180"
          }
        ]
      }
    },
    {
      "040": {
        "ind1": "\\",
        "ind2": "\\",
        "subfields": [
          {
            "a": "UKM"
          },
          {
            "b": "eng"
          },
          {
            "c": "UKM"
          },
          {
            "d": "YDXCP"
          },
          {
            "d": "AU@"
          },
          {
            "d": "HEBIS"
          },
          {
            "d": "OCLCO"
          },
          {
            "d": "OCLCF"
          },
          {
            "d": "OCLCQ"
          },
          {
            "d": "ERD"
          },
          {
            "d": "UKMGB"
          },
          {
            "d": "OCLCO"
          }
        ]
      }
    },
    {
      "016": {
        "ind1": "7",
        "ind2": "\\",
        "subfields": [
          {
            "a": "013629246"
          },
          {
            "2": "Uk"
          }
        ]
      }
    },
    {
      "020": {
        "ind1": "\\",
        "ind2": "\\",
        "subfields": [
          {
            "a": "9780465009091"
          },
          {
            "q": "(pbk.)"
          }
        ]
      }
    },
    {
      "020": {
        "ind1": "\\",
        "ind2": "\\",
        "subfields": [
          {
            "a": "0465009093"
          },
          {
            "q": "(pbk.)"
          }
        ]
      }
    },
    {
      "035": {
        "ind1": "\\",
        "ind2": "\\",
        "subfields": [
          {
            "a": "(OCoLC)82671440"
          }
        ]
      }
    },
    {
      "042": {
        "ind1": "\\",
        "ind2": "\\",
        "subfields": [
          {
            "a": "ukblsr"
          }
        ]
      }
    },
    {
      "050": {
        "ind1": "\\",
        "ind2": "4",
        "subfields": [
          {
            "a": "NX456.5.H57"
          },
          {
            "b": "T68 2006"
          }
        ]
      }
    },
    {
      "082": {
        "ind1": "0",
        "ind2": "4",
        "subfields": [
          {
            "a": "700.905"
          },
          {
            "b": "TOT"
          }
        ]
      }
    },
    {
      "245": {
        "ind1": "0",
        "ind2": "0",
        "subfields": [
          {
            "a": "Total chaos :"
          },
          {
            "b": "the art and aesthetics of hip-hop /"
          },
          {
            "c": "edited by Jeff Chang."
          }
        ]
      }
    },
    {
      "260": {
        "ind1": "\\",
        "ind2": "\\",
        "subfields": [
          {
            "a": "New York :"
          },
          {
            "b": "Basic Civitas ;"
          },
          {
            "a": "[London] :"
          },
          {
            "b": "[Perseus Running, distributor],"
          },
          {
            "c": "\u00a92006."
          }
        ]
      }
    },
    {
      "300": {
        "ind1": "\\",
        "ind2": "\\",
        "subfields": [
          {
            "a": "xv, 382 pages :"
          },
          {
            "b": "illustrations, portraits ;"
          },
          {
            "c": "21 cm"
          }
        ]
      }
    },
    {
      "336": {
        "ind1": "\\",
        "ind2": "\\",
        "subfields": [
          {
            "a": "text"
          },
          {
            "b": "txt"
          },
          {
            "2": "rdacontent"
          }
        ]
      }
    },
    {
      "337": {
        "ind1": "\\",
        "ind2": "\\",
        "subfields": [
          {
            "a": "unmediated"
          },
          {
            "b": "n"
          },
          {
            "2": "rdamedia"
          }
        ]
      }
    },
    {
      "338": {
        "ind1": "\\",
        "ind2": "\\",
        "subfields": [
          {
            "a": "volume"
          },
          {
            "b": "nc"
          },
          {
            "2": "rdacarrier"
          }
        ]
      }
    },
    {
      "504": {
        "ind1": "\\",
        "ind2": "\\",
        "subfields": [
          {
            "a": "Includes bibliographical references and index."
          }
        ]
      }
    },
    {
      "505": {
        "ind1": "0",
        "ind2": "0",
        "subfields": [
          {
            "a": "Machine derived contents note: Table Of Contents -- Part 1 -- Roots: Perspectives On History -- 1. Dreams of a Final Theory Harry Allen -- 2. Nommo Amde Hamilton (Watts Prophets) -- 3. (Yet Another) Letter to a Young Poet Marc Bamuthi Joseph -- 4. Physical Graffiti: A History of Hip-Hop Dance Fabel Pabon -- 5. The Art of Battling: An Interview with Alien Ness Joe Schloss -- 6. Multiculturalism Roundtable Greg Tate, Vija Prashad, Marc Anthony Neal, Brian Cross -- Part 2 -- Flipping The Script: Beyond The Four Elements -- 7. Interview: A History of Hip-Hop Dance Rennie Harris -- 8. Found in Translation: The Emergence of Hip-Hop Theatre Eisa Davis -- 9. From the Dope Spot to Broadway Theater Roundtable -- 10. On Lit Hop Adam Mansbach -- 11. Who Shot Ya: A History of Hip-Hop Photography Bill Adler -- 12. Words and Images Graphic Design Roundtable -- 13. The City in Public vs. Private: Through a Scanner Darkly Paul Miller -- Part 3 -- The Real: Identity In Flux -- 14. It was written: Hip-Hop Journalism/ Criticism Essay Oliver Wang -- 15. \"L-vis Is a Pioneer\" Powem Excerpt Kevin Coval -- 16. Burn Rubber on Plastic Bubbles: The Art of Dave Funkenklein Dave Tompkins -- 17. Black Talk and Hot Sex: Why Street Lit is Literature Danyel Smith -- 18. Discussion with Tim'm West: It's All One Juba Kalamka -- 19. Homothugdragsterism Joel Tan -- 20. How I Found My Inner DJ Robert Karimi -- 21. Talk with Mark Anthony Neal: A Brand New Feminism Joan Morgan -- Part 4 -- Worldwide: Hip-Hop Arts Beyond Borders -- 22. Brooklyn Suheir Hammad -- 23. Falling For Bob Marley Staceyann Chin -- 24. Inventos Hip-Hop: Interview Eli Jacobs-Fantauzzi -- 25. Cape Flats Alchemy Shaheen Ariefdien -- 26. Afro-Blue: Incanting Yoruba Gods in Hip-Hops Isms Raquel Cepeda -- 27. Roundtable: Native Tongues: Hip-Hop's Global Indigenous Movement -- Part 5 -- Next Elements: Hip-Hop Arts And Future Aesthetics -- 28. Untitled Poem Walidah Imarisha -- 29. Theatres Crossing the Divide: A Baby Boomer's Defense of Hip-Hop Aesthetics Roberta Uno -- 30. Hip-Hop Film Roundtable: Put Your Camera Where My Eyes Can See Eric Arnold -- 31. Codes and The B-Boy's Stigmata: An Interview Doze Green -- 32. Revolution: An Interview Brett Cook-Dizney -- 33. Scarcity & Exploitation: The Myth & Reality of the Struggling Hip-Hop Artist Rha Goddess -- 34. Towards a Hip-Hop Aesthetic: A Manifesto for the Hip-Hop Arts Movement Danny Hoch."
          }
        ]
      }
    },
    {
      "540": {
        "ind1": "\\",
        "ind2": "\\",
        "subfields": [
          {
            "a": "Current Copyright Fee: GBP4.00"
          },
          {
            "c": "0."
          },
          {
            "5": "Uk"
          }
        ]
      }
    },
    {
      "650": {
        "ind1": "\\",
        "ind2": "0",
        "subfields": [
          {
            "a": "Hip-hop."
          }
        ]
      }
    },
    {
      "650": {
        "ind1": "\\",
        "ind2": "7",
        "subfields": [
          {
            "a": "Hip-hop."
          },
          {
            "2": "fast"
          },
          {
            "0": "(OCoLC)fst00957237"
          }
        ]
      }
    },
    {
      "700": {
        "ind1": "1",
        "ind2": "\\",
        "subfields": [
          {
            "a": "Chang, Jeff."
          }
        ]
      }
    },
    {
      "856": {
        "ind1": "4",
        "ind2": "1",
        "subfields": [
          {
            "3": "Table of contents only"
          },
          {
            "u": "http://catdir.loc.gov/catdir/toc/ecip0618/2006024180.html"
          },
          {
            "y": "Click here for access"
          }
        ]
      }
    },
    {
      "994": {
        "ind1": "\\",
        "ind2": "\\",
        "subfields": [
          {
            "a": "Z0"
          },
          {
            "b": "NYRVC"
          }
        ]
      }
    },
    {
      "948": {
        "ind1": "\\",
        "ind2": "\\",
        "subfields": [
          {
            "h": "NO HOLDINGS IN NYRVC - 27 OTHER HOLDINGS"
          }
        ]
      }
    },
    {
      "999": {
        "ind1": "\\",
        "ind2": "\\",
        "subfields": [
          {
            "a": "00000000018947"
          }
        ]
      }
    }
  ]
}